@article{bertone2005particle,
	title={Particle dark matter: Evidence, candidates and constraints},
	author={Bertone, Gianfranco and Hooper, Dan and Silk, Joseph},
	journal={Physics reports},
	volume={405},
	number={5-6},
	pages={279--390},
	year={2005},
	publisher={Elsevier}
}

@article{turner1983coherent,
	title={Coherent scalar-field oscillations in an expanding universe},
	author={Turner, Michael S},
	journal={Physical Review D},
	volume={28},
	number={6},
	pages={1243},
	year={1983},
	publisher={APS}
}

@article{peccei1977cp,
	title={CP conservation in the presence of pseudoparticles},
	author={Peccei, Roberto D and Quinn, Helen R},
	journal={Physical Review Letters},
	volume={38},
	number={25},
	pages={1440},
	year={1977},
	publisher={APS}
}
